@article{shannon1948mathematical,
  title={A Mathematical Theory of Communication},
  author={Shannon, Claude Elwood},
  journal={The Bell System Technical Journal},
  volume={27},
  number={3},
  pages={379--423},
  year={1948},
  publisher={Bell Telephone Laboratories, Incorporated}
}

@article{mine,
  author    = {Ishmael Belghazi and
               Sai Rajeswar and
               Aristide Baratin and
               R. Devon Hjelm and
               Aaron C. Courville},
  title     = {{MINE:} Mutual Information Neural Estimation},
  journal   = {CoRR},
  volume    = {abs/1801.04062},
  year      = {2018},
  url       = {http://arxiv.org/abs/1801.04062},
  eprinttype = {arXiv},
  eprint    = {1801.04062},
  timestamp = {Mon, 13 Aug 2018 16:46:51 +0200},
  biburl    = {https://dblp.org/rec/journals/corr/abs-1801-04062.bib},
  bibsource = {dblp computer science bibliography, https://dblp.org}
}


